@article{MnihKSGAWR13,
  author    = {Volodymyr Mnih and
               Koray Kavukcuoglu and
               David Silver and
               Alex Graves and
               Ioannis Antonoglou and
               Daan Wierstra and
               Martin A. Riedmiller},
  title     = {Playing Atari with Deep Reinforcement Learning},
  journal   = {CoRR},
  volume    = {abs/1312.5602},
  year      = {2013},
  url       = {http://arxiv.org/abs/1312.5602},
  timestamp = {Wed, 01 Apr 2015 20:06:15 +0200},
  biburl    = {http://dblp.uni-trier.de/rec/bib/journals/corr/MnihKSGAWR13},
  bibsource = {dblp computer science bibliography, http://dblp.org}
}

@article{MnihBMGLHSK16,
  author    = {Volodymyr Mnih and
               Adri{\`{a}} Puigdom{\`{e}}nech Badia and
               Mehdi Mirza and
               Alex Graves and
               Timothy P. Lillicrap and
               Tim Harley and
               David Silver and
               Koray Kavukcuoglu},
  title     = {Asynchronous Methods for Deep Reinforcement Learning},
  journal   = {CoRR},
  volume    = {abs/1602.01783},
  year      = {2016},
  url       = {http://arxiv.org/abs/1602.01783},
  timestamp = {Tue, 01 Mar 2016 17:47:25 +0100},
  biburl    = {http://dblp.uni-trier.de/rec/bib/journals/corr/MnihBMGLHSK16},
  bibsource = {dblp computer science bibliography, http://dblp.org}
}

@article{chen2012marginalized,
  title={Marginalized denoising autoencoders for domain adaptation},
  author={Chen, Minmin and Xu, Zhixiang and Weinberger, Kilian and Sha, Fei},
  journal={arXiv preprint arXiv:1206.4683},
  year={2012}
}

@inproceedings{guo2013updating,
  title={Updating Users about Time Critical Events},
  author={Guo, Qi and Diaz, Fernando and Yom-Tov, Elad},
  booktitle={European Conference on Information Retrieval},
  pages={483--494},
  year={2013},
  organization={Springer}
}

@inproceedings{kedzie2015predicting,
  title={Predicting salient updates for disaster summarization},
  author={Kedzie, Chris and McKeown, Kathleen and Diaz, Fernando},
  booktitle={Proceedings of the 53rd annual meeting of the ACL and the 7th International Conference on Natural Language Processing},
  pages={1608--1617},
  year={2015}
}

@inproceedings{mccreadie2014incremental,
  title={Incremental update summarization: Adaptive sentence selection based on prevalence and novelty},
  author={McCreadie, Richard and Macdonald, Craig and Ounis, Iadh},
  booktitle={Proceedings of the 23rd ACM International Conference on Conference on Information and Knowledge Management},
  pages={301--310},
  year={2014},
  organization={ACM}
}

@article{kedzie2016real,
  title={Real-Time Web Scale Event Summarization Using Sequential Decision Making},
  author={Kedzie, Chris and Diaz, Fernando and McKeown, Kathleen},
  journal={Proceedings of the Joint Conference on Artificial Intelligence},
  year={2016}
}


@inproceedings{narasimhan2015language,
  title={Language understanding for textbased games using deep reinforcement learning},
  author={Narasimhan, Karthik and Kulkarni, Tejas D and Barzilay, Regina},
  booktitle={Proceedings of the Conference on Empirical Methods in Natural Language Processing},
  year={2015},
  organization={Citeseer}
}

@inproceedings{kedzieextractive,
  author    = {Chris Kedzie and
               Kathleen McKeown},
  title     = {Extractive and Abstractive Event Summarization over Streaming Web
               Text},
  booktitle = {Proceedings of the Twenty-Fifth International Joint Conference on
               Artificial Intelligence, {IJCAI} 2016, New York, NY, USA, 9-15 July
               2016},
  pages     = {4002--4003},
  year      = {2016},
  crossref  = {DBLP:conf/ijcai/2016},
  url       = {http://www.ijcai.org/Abstract/16/575},
  timestamp = {Fri, 15 Jul 2016 15:25:58 +0200},
  biburl    = {http://dblp2.uni-trier.de/rec/bib/conf/ijcai/KedzieM16},
  bibsource = {dblp computer science bibliography, http://dblp.org}
}

@article{bengio2003neural,
  title={A Neural Probabilistic Language Model},
  author={Bengio, Yoshua and Ducharme, R{\'e}jean and Vincent, Pascal and Jauvin, Christian},
  journal={Journal of Machine Learning Research},
  volume={3},
  number={Feb},
  pages={1137--1155},
  year={2003}
}

@inproceedings{hausknecht2015deep,
  title={Deep Recurrent Q-Learning for Partially Observable MDPs},
  author={Hausknecht, Matthew and Stone, Peter},
  booktitle={2015 AAAI Fall Symposium Series},
  year={2015}
}

@article{hinton2012lecture,
  title={Lecture 6a Overview of mini--batch gradient descent},
  author={Hinton, Geoffrey and Srivastava, N and Swersky, Kevin}
}
@inproceedings{hausknecht2015deep,
  title={Deep Recurrent Q-Learning for Partially Observable MDPs},
  author={Hausknecht, Matthew and Stone, Peter},
  booktitle={2015 AAAI Fall Symposium Series},
  year={2015}
}

@book{sutton1998reinforcement,
  title={Reinforcement learning: An introduction},
  author={Sutton, Richard S and Barto, Andrew G},
  volume={1},
  number={1}
}

@inproceedings{garbacea2015university,
  title={The University of Amsterdam (ILPS. UvA) at TREC 2015 Temporal Summarization Track},
  author={G{\^a}rbacea, Cristina and Kanoulas, Evangelos}
}

@inproceedings{diazquery,
  title={Query Expansion with Locally-Trained Word Embeddings},
  author={Diaz, Fernando and Mitra, Bhaskar and Craswell, Nick},
  booktitle={Proceedings of the 54th Annual Meeting of the Association for Computational},
  organization={ACL--Association for Computational Linguistics}
}

@inproceedings{sundermeyer2012lstm,
  title={LSTM Neural Networks for Language Modeling},
  author={Sundermeyer, Martin and Schl{\"u}ter, Ralf and Ney, Hermann},
  booktitle={Thirteenth Annual Conference of the International Speech Communication Association},
  year={2012}
}

@inproceedings{kim2016character,
  title={Character-Aware Neural Language Models},
  author={Kim, Yoon and Jernite, Yacine and Sontag, David and Rush, Alexander M},
  booktitle={Thirtieth AAAI Conference on Artificial Intelligence},
  year={2016}
}

@article{hochreiter1997long,
  title={Long short-term memory},
  author={Hochreiter, Sepp and Schmidhuber, J{\"u}rgen},
  journal={Neural computation},
  volume={9},
  number={8},
  pages={1735--1780},
  year={1997},
  publisher={MIT Press}
}

@inproceedings{mikolov2010recurrent,
  title={Recurrent Neural Network Based Language Model},
  author={Mikolov, Tom{\'a}{\v{s}} and Karafi{\'a}t, Martin and Burget, Luk{\'a}{\v{s}} and {\v{C}}ernock{\`y}, Jan and Khudanpur, Sanjeev},
  booktitle={Eleventh Annual Conference of the International Speech Communication Association},
  year={2010}
}
@inproceedings{sutskever2014sequence,
  title={Sequence to sequence learning with neural networks},
  author={Sutskever, Ilya and Vinyals, Oriol and Le, Quoc V},
  booktitle={Advances in neural information processing systems},
  pages={3104--3112},
  year={2014}
}